@article{Rudolf2021thermal,
  author    = {Rudolf, Benjamin and Du, Yang and Turtaev, Sergey and Leite, Ivo T. and {\v C}i{\v z}m{\'a}r, Tom{\'a}{\v s}},
  doi       = {10.1364/oe.442284},
  files     = {[\textquotesingle rudolf2021thermal.pdf\textquotesingle ]},
  issue     = {25},
  journal   = {Optics Express},
  language  = {en},
  month     = {12},
  pages     = {41808},
  publisher = {The Optical Society},
  title     = {Thermal stability of wavefront shaping using a DMD as a spatial light modulator},
  url       = {http://dx.doi.org/10.1364/oe.442284},
  volume    = {29},
  year      = {2021}
}
@article{goorden2014superpixel,
  author    = {Sebastianus A. Goorden and Jacopo Bertolotti and Allard P. Mosk},
  journal   = {Optics Express},
  title     = {Superpixel-based spatial amplitude and phase modulation using a digital micromirror device},
  year      = {2014},
  month     = {jul},
  number    = {15},
  pages     = {17999},
  volume    = {22},
  doi       = {10.1364/oe.22.017999},
  publisher = {The Optical Society}
}

@misc{SI,
  title        = {{{Supplemetary Material for `A practical guide to Digital Micro-mirror Devices (DMDs) for wavefront shaping'}}},
  author       = {Popoff, Sébastien M. and Matthès, Maxime W. and Bromberg, Yaron and Gutiérrez-Cuevas, Rodrigo},
  howpublished = {https://github.com/wavefrontshaping/tutorial-DMD-setup-2023}
}

@misc{popoffDMDDiffractionTool,
  title        = {{{DMD Diffraction Tool}}},
  author       = {Popoff, S{\'e}bastien M.},
  journal      = {wavefrontshaping.net},
  urldate      = {2023-11-09},
  abstract     = {Wavefrontshaping.net is dedicated to scientific applications of wavefront shaping techniques in complex media. Discover highlights of recent papers, publication databases, tutorials and more!},
  howpublished = {https://www.wavefrontshaping.net/post/id/49},
  file         = {/home/spopoff/Zotero/storage/4ZMY6PV8/49.html}
}

@article{Lee2023compensation,
  author    = {Lee, Beom-Ryeol and Marichal-Hern{\'a}ndez, Jos{\'e} G. and Rodr{\'\i}guez-Ramos, Jos{\'e} M. and Venkel, Tetiana and Son, Jung-Young},
  doi       = {10.1016/j.optmat.2023.113863},
  files     = {[\textquotesingle lee2023compensation-a.pdf\textquotesingle ]},
  journal   = {Optical Materials},
  language  = {en},
  month     = {6},
  pages     = {113863},
  publisher = {Elsevier BV},
  title     = {Compensation of wavefront aberration introduced by DMDs’ operation principle},
  url       = {http://dx.doi.org/10.1016/j.optmat.2023.113863},
  volume    = {140},
  year      = {2023}
}


@article{Zhuang2020,
  doi       = {10.1142/s1793545820300116},
  url       = {https://doi.org/10.1142/s1793545820300116},
  year      = {2020},
  month     = aug,
  publisher = {World Scientific Pub Co Pte Ltd},
  volume    = {13},
  number    = {06},
  author    = {Ziyun Zhuang and Ho Pui Ho},
  title     = {Application of digital micromirror devices ({DMD}) in biomedical instruments},
  journal   = {Journal of Innovative Optical Health Sciences}
}

@article{Gutierrez2024DMD,
  doi       = {10.XXXX},
  url       = {https://dx.doi.org/10.XXXX},
  year      = {2023},
  month     = {},
  publisher = {IOP Publishing},
  volume    = {},
  number    = {},
  pages     = {},
  author    = {Guti{\'e}rrez-Cuevas, R. and Popoff, S. M.},
  title     = {Binary Holograms for Wavefront Shaping with Digital Micromirror Devices},
  journal   = {J. Phys. Photonics}
}

@article{Park2015properties,
  author    = {Park, Min-Chul and Lee, Beom-Ryeol and Son, Jung-Young and Chernyshov, Oleksii},
  doc_url   = {http://www.tandfonline.com/doi/pdf/10.1080/09500340.2015.1054445},
  doi       = {10.1080/09500340.2015.1054445},
  files     = {[\textquotesingle park2015properties-a.pdf\textquotesingle ]},
  issue     = {19},
  journal   = {Journal of Modern Optics},
  language  = {en},
  month     = {11},
  pages     = {1600--1607},
  publisher = {Informa UK Limited},
  title     = {Properties of DMDs for holographic displays},
  url       = {http://dx.doi.org/10.1080/09500340.2015.1054445},
  volume    = {62},
  year      = {2015}
}

@misc{JacksonDMD,
  author  = {Jackson, John D.},
  files   = {[]},
  title   = {Visual Analysis of a Texas Instruments Digital Micromirror Device},
  url     = {http://www2.optics.rochester.edu/workgroups/cml/opt307/spr05/john/},
  urldate = {2023-09-18},
  note    = {http://www2.optics.rochester.edu/workgroups/cml/opt307/spr05/john/, Accessed: 2021-09-18}
}

@article{Cox2021converting,
  author    = {Cox, Mitchell A. and Drozdov, Alice V.},
  doi       = {10.1364/ao.412729},
  files     = {[\textquotesingle cox2021converting.pdf\textquotesingle ]},
  issue     = {2},
  journal   = {Applied Optics},
  language  = {en},
  month     = {1},
  pages     = {465},
  publisher = {Optica Publishing Group},
  title     = {Converting a Texas Instruments {{DLP4710 DLP}} evaluation module into a spatial light modulator},
  url       = {http://dx.doi.org/10.1364/ao.412729},
  volume    = {60},
  year      = {2021}
}

@inproceedings{hofling2004alp,
  booktitle    = {Liquid Crystal Materials, Devices, and Applications X and Projection Displays X},
  files        = {[]},
  organization = {SPIE},
  pages        = {322--329},
  title        = {ALP: universal DMD controller for metrology and testing},
  volume       = {5289},
  year         = {2004}
}

@online{vialux,
  author  = {ViALUX Messtechnik and Bildverarbeitung GmbH},
  title   = {Home ViALUX GmbH},
  year    = {},
  url     = {https://www.vialux.de/en/index.html},
  urldate = {2023-10-30}
}

@software{popoff2016alp4lib,
  author = {Popoff, S{\'e}bastien M.},
  doi    = {10.5281/zenodo.1160714},
  title  = {ALP4lib: A Python module to control Vialux DMDs},
  url    = {https://doi.org/10.5281/zenodo.1160714},
  year   = {2016}
}

@inproceedings{Dudley2003emerging,
  author    = {Dudley, Dana and Duncan, Walter M. and Slaughter, John},
  booktitle = {Micromachining and Microfabrication},
  doi       = {10.1117/12.480761},
  files     = {[\textquotesingle dudley2003emerging.pdf\textquotesingle ]},
  journal   = {MOEMS Display and Imaging Systems},
  month     = {1},
  publisher = {SPIE},
  title     = {Emerging digital micromirror device (DMD) applications},
  url       = {http://dx.doi.org/10.1117/12.480761},
  venue     = {San Jose, CA},
  year      = {2003}
}

@article{vellekoop2007focusing,
  author    = {I. M. Vellekoop and A. P. Mosk},
  doc_url   = {[\textquotesingle https://www.osapublishing.org/viewmedia.cfm?URI=ol-32-16-2309\&seq=0\textquotesingle , \textquotesingle http://doi.org/10.1364/OL.32.002309\textquotesingle ]},
  doi       = {10.1364/ol.32.002309},
  files     = {[\textquotesingle Vellekoop2007Focusing.pdf\textquotesingle ]},
  journal   = {Optics Letters},
  month     = {aug},
  number    = {16},
  pages     = {2309},
  publisher = {The Optical Society},
  title     = {Focusing coherent light through opaque strongly scattering media},
  url       = {https://doi.org/10.1364\%2Fol.32.002309},
  volume    = {32},
  year      = {2007}
}

@article{Scholes2019structured,
  author    = {Scholes, Stirling and Kara, Ravin and Pinnell, Jonathan and Rodr\'{\i}guez-Fajardo, Valeria and Forbes, Andrew},
  doi       = {10.1117/1.oe.59.4.041202},
  files     = {['scholes2019structured.pdf']},
  issue     = {04},
  journal   = {Optical Engineering},
  month     = {11},
  pages     = {1},
  publisher = {SPIE-Intl Soc Optical Eng},
  title     = {Structured light with digital micromirror devices: a guide to best practice},
  url       = {http://dx.doi.org/10.1117/1.oe.59.4.041202},
  volume    = {59},
  year      = {2019}
}

@article{Cuche2000spatial,
  author    = {Cuche, Etienne and Marquet, Pierre and Depeursinge, Christian},
  doi       = {10.1364/ao.39.004070},
  files     = {[\textquotesingle cuche2000spatial.pdf\textquotesingle ]},
  issue     = {23},
  journal   = {Applied Optics},
  language  = {en},
  month     = {8},
  pages     = {4070},
  publisher = {The Optical Society},
  title     = {Spatial filtering for zero-order and twin-image elimination in digital off-axis holography},
  url       = {http://dx.doi.org/10.1364/ao.39.004070},
  volume    = {39},
  year      = {2000}
}

@article{airy1835diffraction,
  title   = {On the diffraction of an object-glass with circular aperture},
  author  = {Airy, George Biddell},
  journal = {Transactions of the Cambridge Philosophical Society},
  volume  = {5},
  pages   = {283},
  year    = {1835}
}

@misc{github,
  author       = {Popoff, S. M. and Guti{\'e}rrez-Cuevas, R.},
  title        = {Respoitory for the paper "A practical guide to Digital Micro-mirror Devices (DMDs) for wavefront shaping"},
  year         = {2013},
  publisher    = {GitHub},
  journal      = {GitHub repository},
  howpublished = {\url{https://https://github.com/wavefrontshaping/tutorial-DMD-setup-2023}}
}

@article{Casini2014on,
  author    = {Casini, R. and Nelson, P. G.},
  doi       = {10.1364/josaa.31.002179},
  files     = {['casini2014on.pdf']},
  issue     = {10},
  journal   = {Journal of the Optical Society of America A},
  language  = {en},
  month     = {10},
  pages     = {2179},
  publisher = {The Optical Society},
  title     = {On the intensity distribution function of blazed reflective diffraction gratings},
  url       = {http://dx.doi.org/10.1364/josaa.31.002179},
  volume    = {31},
  year      = {2014}
}

@online{WFSnet_diffraction,
  author  = {Popoff, S. M.},
  title   = {Setting up a DMD: Diffraction effects},
  url     = {https://www.wavefrontshaping.net/post/id/21},
  urldate = {2023-09-18},
  note    = {www.wavefrontshaping.net/post/id/21, Accessed: 2021-09-18}
}

@online{TI,
  author  = {Texas Instruments},
  title   = {Texas Instruments {{DLP}} Display and Projection Chipset Selection Guide},
  url     = {https://www.ti.com/lit/sg/sprt736d/sprt736d.pdf},
  urldate = {2023-09-18},
  note    = {/www.ti.com/lit/sg/sprt736d/sprt736d.pdf, Accessed: 2021-09-18}
}

@article{Wang2023diffraction,
  author    = {Wang, Xiaoyu and Zhang, Hao},
  doi       = {10.3390/photonics10020130},
  files     = {['wang2023diffraction.pdf']},
  issue     = {2},
  journal   = {Photonics},
  language  = {en},
  month     = {1},
  pages     = {130},
  publisher = {MDPI AG},
  title     = {Diffraction Characteristics of a Digital Micromirror Device for Computer Holography Based on an Accurate Three-Dimensional Phase Model},
  url       = {http://dx.doi.org/10.3390/photonics10020130},
  volume    = {10},
  year      = {2023}
}


@article{lee1979binary,
  author    = {Lee, Wai-Hon},
  doi       = {10.1364/ao.18.003661},
  files     = {['lee1979binary.pdf']},
  issue     = {21},
  journal   = {Applied Optics},
  language  = {en},
  month     = {11},
  pages     = {3661},
  publisher = {Optica Publishing Group},
  title     = {Binary computer-generated holograms},
  url       = {http://dx.doi.org/10.1364/ao.18.003661},
  volume    = {18},
  year      = {1979}
}

@article{Brown2021multicolor,
  author    = {Brown, Peter T. and Kruithoff, Rory and Seedorf, Gregory J. and Shepherd, Douglas P.},
  doi       = {10.1364/boe.422703},
  files     = {['brown2021multicolor.pdf']},
  issue     = {6},
  journal   = {Biomedical Optics Express},
  language  = {en},
  month     = {6},
  pages     = {3700},
  publisher = {Optica Publishing Group},
  title     = {Multicolor structured illumination microscopy and quantitative control of polychromatic light with a digital micromirror device},
  url       = {http://dx.doi.org/10.1364/boe.422703},
  volume    = {12},
  year      = {2021}
}

@article{Matthes2019Optical,
  author  = {Matth{\`e}s, Maxime W. and del Hougne, Philipp and de Rosny, Julien and Lerosey, Geoffroy and Popoff, S{\'e}bastien M.},
  doc_url = {https://www.osapublishing.org/viewmedia.cfm?URI=optica-6-4-465\&seq=0},
  doi     = {10.1364/OPTICA.6.000465},
  files   = {[\textquotesingle matthes2019optical.pdf\textquotesingle , \textquotesingle matthes2019optical-b.pdf\textquotesingle ]},
  issue   = {4},
  journal = {Optica},
  month   = {04},
  title   = {Optical complex media as universal reconfigurable linear operators},
  volume  = {6},
  year    = {2019}
}

@article{Zernike1934beugungstheorie,
  author    = {Zernike, von F.},
  doc_url   = {https://api.elsevier.com/content/article/PII:S0031891434802595?httpAccept=text/plain},
  doi       = {10.1016/s0031-8914(34)80259-5},
  issue     = {7-12},
  journal   = {Physica},
  language  = {de},
  month     = {5},
  pages     = {689--704},
  publisher = {Elsevier BV},
  title     = {Beugungstheorie des schneidenver-fahrens und seiner verbesserten form, der phasenkontrastmethode},
  url       = {http://dx.doi.org/10.1016/s0031-8914(34)80259-5},
  volume    = {1},
  year      = {1934}
}

@inproceedings{hornbeck1997digital,
  title        = {Digital light processing for high-brightness high-resolution applications},
  author       = {Hornbeck, Larry J},
  booktitle    = {Projection Displays III},
  volume       = {3013},
  pages        = {27--40},
  year         = {1997},
  organization = {SPIE}
}



@article{gauthier2016direct,
  title     = {Direct imaging of a digital-micromirror device for configurable microscopic optical potentials},
  author    = {Gauthier, G and Lenton, I and Parry, N McKay and Baker, M and Davis, MJ and Rubinsztein-Dunlop, H and Neely, TW},
  journal   = {Optica},
  volume    = {3},
  number    = {10},
  pages     = {1136--1143},
  year      = {2016},
  publisher = {Optica Publishing Group}
}


@article{yoon2018emerging,
  title     = {Emerging applications of digital micromirror devices in biophotonic fields},
  author    = {Yoon, Taerim and Kim, Chang-Seok and Kim, Kyujung and Choi, Jong-ryul},
  journal   = {Optics \& Laser Technology},
  volume    = {104},
  pages     = {17--25},
  year      = {2018},
  publisher = {Elsevier}
}


@article{cha2000nontranslational,
  title     = {Nontranslational three-dimensional profilometry by chromatic confocal microscopy with dynamically configurable micromirror scanning},
  author    = {Cha, Sungdo and Lin, Paul C and Zhu, Lijun and Sun, Pang-Chen and Fainman, Yeshaiahu},
  journal   = {Applied optics},
  volume    = {39},
  number    = {16},
  pages     = {2605--2613},
  year      = {2000},
  publisher = {Optica Publishing Group}
}


@article{Townson2019aotools,
  author    = {Townson, M. J. and Farley, O. J. D. and Orban de Xivry, G. and Osborn, J. and Reeves, A. P.},
  doi       = {10.1364/oe.27.031316},
  files     = {['townson2019aotools.pdf']},
  issue     = {22},
  journal   = {Optics Express},
  language  = {en},
  month     = {10},
  pages     = {31316},
  publisher = {The Optical Society},
  title     = {AOtools: a Python package for adaptive optics modelling and analysis},
  url       = {http://dx.doi.org/10.1364/oe.27.031316},
  volume    = {27},
  year      = {2019}
}